@article{Shalyminov:etal:2017:,
  title={Challenging Neural Dialogue Models with Natural Data: Memory Networks Fail on Incremental Phenomena},
  author={Shalyminov, Igor and Eshghi, Arash and Lemon, Oliver},
  journal={arXiv preprint arXiv:1709.07840},
  year={2017}
}
